<record><leader>00000cas a22000007a 4500</leader><controlfield tag="001">1570195</controlfield><controlfield tag="008">750824d19631968mnuwr ne      0    0eng d</controlfield><controlfield tag="009">501</controlfield><datafield ind1=" " ind2=" " tag="010"><subfield code="a">sn 90059999 </subfield></datafield><datafield ind1=" " ind2=" " tag="040"><subfield code="a">MUL</subfield><subfield code="b">eng</subfield><subfield code="c">MUL</subfield><subfield code="d">OCL</subfield><subfield code="d">MN#</subfield></datafield><datafield ind1="1" ind2=" " tag="029"><subfield code="a">AU@</subfield><subfield code="b">000025899913</subfield></datafield><datafield ind1=" " ind2=" " tag="042"><subfield code="a">msc</subfield></datafield><datafield ind1=" " ind2=" " tag="043"><subfield code="a">n-us-mn</subfield></datafield><datafield ind1=" " ind2=" " tag="052"><subfield code="a">4144</subfield><subfield code="b">C7</subfield><subfield code="b">F8</subfield></datafield><datafield ind1=" " ind2=" " tag="052"><subfield code="a">4143</subfield><subfield code="b">A5</subfield></datafield><datafield ind1="0" ind2=" " tag="130"><subfield code="a">Record (Columbia Heights, Minn. : Fridley ed.)</subfield></datafield><datafield ind1="0" ind2="4" tag="245"><subfield code="a">The record.</subfield></datafield><datafield ind1=" " ind2=" " tag="250"><subfield code="a">Fridley ed.</subfield></datafield><datafield ind1=" " ind2=" " tag="260"><subfield code="a">Columbia Heights, Minn. :</subfield><subfield code="b">Tri-county Publications, Inc.,</subfield><subfield code="c">1963-1968.</subfield></datafield><datafield ind1=" " ind2=" " tag="300"><subfield code="a">v.</subfield></datafield><datafield ind1=" " ind2=" " tag="310"><subfield code="a">Weekly</subfield></datafield><datafield ind1="0" ind2=" " tag="362"><subfield code="a">Vol. 8, no. 42 (Dec. 18, 1963)-v. 17, no. 10 (Apr. 22, 1964) ; v. 40, no. 47 (Apr. 29, 1964)-v. 44, no. 38 (Feb. 28, 1968).</subfield></datafield><datafield ind1=" " ind2=" " tag="530"><subfield code="a">Available on microfilm from the Minnesota Historical Society.</subfield></datafield><datafield ind1=" " ind2=" " tag="752"><subfield code="a">United States</subfield><subfield code="b">Minnesota</subfield><subfield code="c">Anoka</subfield><subfield code="d">Columbia Heights.</subfield></datafield><datafield ind1=" " ind2=" " tag="752"><subfield code="a">United States</subfield><subfield code="b">Minnesota</subfield><subfield code="c">Anoka</subfield><subfield code="d">Fridley.</subfield></datafield><datafield ind1="0" ind2="0" tag="780"><subfield code="t">Fridley news</subfield><subfield code="w">(DLC)sn 90059998</subfield></datafield><datafield ind1="0" ind2="0" tag="785"><subfield code="t">Fridley sun</subfield><subfield code="w">(DLC)sn 90060000</subfield><subfield code="w">(OCoLC)1570196</subfield></datafield></record>